%! Author = lazza
%! Date = 10/04/2022

